@BOOK{Schreiner2019,
	AUTHOR = {Schreiner, RÃ¼diger},
	YEAR = {2019},
	TITLE = {Computernetzwerke - Von den Grundlagen zur Funktion und Anwendung},
	EDITION = {},
	ISBN = {978-3-446-46010-2},
	PUBLISHER = {Carl Hanser Verlag GmbH  Co KG},
	ADDRESS = {M},
}

@Online{wiki,
  author = {Wikipedia},
  url    = {http://de.wikipedia.org},
}

@Online{FSDeutschland,
  author  = {{FS.COM GmbH}},
  url     = {https://media.fs.com/images/community/wp-content/uploads/2017/11/comparison-of-OSI-and-TCPIP.jpg},
  urldate = {2021-12-31},
}

@Comment{jabref-meta: databaseType:biblatex;}
